@article{السنبري2023التقييم,
  title={التقييم الكمي للتعرية المائية بحوض واد محاصر بالاعتماد على المعادلة العالمية لفقدان التربة: الأطلس الكبير- المغرب},
  author={{السنبري عبد اللطيف و الهواري جواد و شطار الحسين}},
  journal={Research Scientific of Journal Arabian},
  volume={2023},
  number={2},
  pages={16},
  year={2023},
  publisher={HBKU Press Qatar}
}
